@inproceedings{PS,
  title         = {The Upgrade of the {CMS} Tracker at {HL}-{LHC}},
  author        = {Alessandro La Rosa},
  year          = {2021},
  month         = {jun},
  booktitle     = {
    Proceedings of the 29th International Workshop on Vertex Detectors
    ({VERTEX}2020)
  },
  publisher     = {Journal of the Physical Society of Japan},
  doi           = {10.7566/jpscp.34.010006},
  url           = {https://doi.org/10.7566/JPSCP.34.010006}
}
