@book{PS,
  title         = {The Upgrade of the {CMS} Tracker at {HL}-{LHC}},
  author        = {Alessandro La Rosa},
  year          = {2021},
  booktitle     = {
    Proceedings of the 29th International Workshop on Vertex Detectors
    ({VERTEX}2020)
  },
  publisher     = {https://doi.org/10.7566/JPSCP.34.010006},

}

@book{G4,
  title         = {Geant4 User Documentation},
  author        = {Geant4},
   year           = {https://geant4.web.cern.ch/support/user\_documentation}

}
